% This file was created with JabRef 2.10.
% Encoding: UTF-8


@Article{bioref:KUMAR19989,
  Title                    = {Significance of microbial biofilms in food industry: a review},
  Author                   = {C.Ganesh Kumar and S.K Anand},
  Journal                  = {International Journal of Food Microbiology},
  Year                     = {1998},
  Number                   = {1},
  Pages                    = {9 - 27},
  Volume                   = {42},

  Doi                      = {https://doi.org/10.1016/S0168-1605(98)00060-9},
  ISSN                     = {0168-1605},
  Keywords                 = {Biofilm, Microbial attachment, Extracellular matrix, Control, Removal, Bacteriocins},
  Owner                    = {s1212500},
  Timestamp                = {2018.05.07},
  Url                      = {http://www.sciencedirect.com/science/article/pii/S0168160598000609}
}

